<?xml version="1.0" encoding="UTF-8"?><record xmlns="http://www.loc.gov/MARC21/slim" xmlns:cinclude="http://apache.org/cocoon/include/1.0" xmlns:zs="http://www.loc.gov/zing/srw/">
  <leader>00481nz  a2200133n  4500</leader>
  <controlfield tag="001">n  82112706 </controlfield>
  <controlfield tag="003">DLC</controlfield>
  <controlfield tag="005">19840322000000.0</controlfield>
  <controlfield tag="008">820820n| acannaab|          |a aaa |||  </controlfield>
  <datafield tag="010" ind1=" " ind2=" ">
    <subfield code="a">n  82112706 </subfield>
  </datafield>
  <datafield tag="040" ind1=" " ind2=" ">
    <subfield code="a">DLC</subfield>
    <subfield code="c">DLC</subfield>
  </datafield>
  <datafield tag="100" ind1="1" ind2="0">
    <subfield code="a">Anselʹm, A. I.</subfield>
    <subfield code="q">(Andreĭ Ivanovich),</subfield>
    <subfield code="d">1905-</subfield>
    <subfield code="t">Vvedenie v teorii︠u︡ poluprovodnikov.</subfield>
    <subfield code="l">English</subfield>
  </datafield>
  <datafield tag="400" ind1="1" ind2="0">
    <subfield code="a">Anselʹm, A. I.</subfield>
    <subfield code="q">(Andreĭ Ivanovich),</subfield>
    <subfield code="d">1905-</subfield>
    <subfield code="t">Introduction to semiconductor theory</subfield>
  </datafield>
  <datafield tag="670" ind1=" " ind2=" ">
    <subfield code="a">His Introduction to semiconductor theory, 1981.</subfield>
  </datafield>
</record>